
@article{metropolis_monte_1949,
	title = {The {Monte} {Carlo} {Method}},
	volume = {44},
	issn = {0162-1459},
	url = {https://www.tandfonline.com/doi/abs/10.1080/01621459.1949.10483310},
	doi = {10.1080/01621459.1949.10483310},
	abstract = {We shall present here the motivation and a general description of a method dealing with a class of problems in mathematical physics. The method is, essentially, a statistical approach to the study of differential equations, or more generally, of integro-differential equations that occur in various branches of the natural sciences.},
	number = {247},
	urldate = {2018-07-26},
	journal = {Journal of the American Statistical Association},
	author = {Metropolis, Nicholas and Ulam, S.},
	month = sep,
	year = {1949},
	pmid = {18139350},
	pages = {335--341},
}
